@article{kirkpatrick1983optimization,
  title={Optimization by simulated annealing},
  author={Kirkpatrick, Scott and Gelatt Jr, C Daniel and Vecchi, Mario P},
  journal={science},
  volume={220},
  number={4598},
  pages={671--680},
  year={1983},
  publisher={American association for the advancement of science}
}

@article{ali2005numerical,
  title={A numerical evaluation of several stochastic algorithms on selected continuous global optimization test problems},
  author={Ali, M Montaz and Khompatraporn, Charoenchai and Zabinsky, Zelda B},
  journal={Journal of global optimization},
  volume={31},
  pages={635--672},
  year={2005},
  publisher={Springer}
}
@book{floudas2013handbook,
  title={Handbook of test problems in local and global optimization},
  author={Floudas, Christodoulos A and Pardalos, Panos M and Adjiman, Claire and Esposito, William R and G{\"u}m{\"u}s, Zeynep H and Harding, Stephen T and Klepeis, John L and Meyer, Clifford A and Schweiger, Carl A},
  volume={33},
  year={2013},
  publisher={Springer Science \& Business Media}
}

@article{pardalos2000recent,
  title={Recent developments and trends in global optimization},
  author={Pardalos, Panos M and Romeijn, H Edwin and Tuy, Hoang},
  journal={Journal of computational and Applied Mathematics},
  volume={124},
  number={1-2},
  pages={209--228},
  year={2000},
  publisher={Elsevier}
}
@article{fouskakis2002stochastic,
  title={Stochastic optimization: a review},
  author={Fouskakis, Dimitris and Draper, David},
  journal={International Statistical Review},
  volume={70},
  number={3},
  pages={315--349},
  year={2002},
  publisher={Wiley Online Library}
}
@article{bfgs,
  title={A new approach to variable metric algorithms},
  author={Fletcher, Roger},
  journal={The computer journal},
  volume={13},
  number={3},
  pages={317--322},
  year={1970},
  publisher={Oxford University Press}
}
@article{stepestdescent,
  title={A new stepsize for the steepest descent method},
  author={Yuan, Ya-xiang},
  journal={Journal of Computational Mathematics},
  pages={149--156},
  year={2006},
  publisher={JSTOR}
}
@article{lbfgs,
  title={Algorithm 778: L-BFGS-B: Fortran subroutines for large-scale bound-constrained optimization},
  author={Zhu, Ciyou and Byrd, Richard H and Lu, Peihuang and Nocedal, Jorge},
  journal={ACM Transactions on mathematical software (TOMS)},
  volume={23},
  number={4},
  pages={550--560},
  year={1997},
  publisher={ACM New York, NY, USA}
}
@article{tsoulos2008modifications,
  title={Modifications of real code genetic algorithm for global optimization},
  author={Tsoulos, Ioannis G},
  journal={Applied Mathematics and Computation},
  volume={203},
  number={2},
  pages={598--607},
  year={2008},
  publisher={Elsevier}
}

@Article{ipso,
AUTHOR = {Charilogis, Vasileios and Tsoulos, Ioannis G.},
TITLE = {Toward an Ideal Particle Swarm Optimizer for Multidimensional Functions},
JOURNAL = {Information},
VOLUME = {13},
YEAR = {2022},
NUMBER = {5},
ARTICLE-NUMBER = {217},
URL = {https://www.mdpi.com/2078-2489/13/5/217},
ISSN = {2078-2489},
ABSTRACT = {The Particle Swarm Optimization (PSO) method is a global optimization technique based on the gradual evolution of a population of solutions called particles. The method evolves the particles based on both the best position of each of them in the past and the best position of the whole. Due to its simplicity, the method has found application in many scientific areas, and for this reason, during the last few years, many modifications have been presented. This paper introduces three modifications to the method that aim to reduce the required number of function calls while maintaining the accuracy of the method in locating the global minimum. These modifications affect important components of the method, such as how fast the particles change or even how the method is terminated. The above modifications were tested on a number of known universal optimization problems from the relevant literature, and the results were compared with similar techniques.},
DOI = {10.3390/info13050217}
}




@article{tolmin,
  title={A tolerant algorithm for linearly constrained optimization calculations},
  author={Powell, MJD},
  journal={Mathematical Programming},
  volume={45},
  pages={547--566},
  year={1989},
  publisher={Springer}
}



@article{zhao2022dandelion,
  title={Dandelion Optimizer: A nature-inspired metaheuristic algorithm for engineering applications},
  author={Zhao, Shijie and Zhang, Tianran and Ma, Shilin and Chen, Miao},
  journal={Engineering Applications of Artificial Intelligence},
  volume={114},
  pages={105075},
  year={2022},
  publisher={Elsevier}
}
@article{corne2018evolutionary,
  title={Evolutionary algorithms},
  author={Corne, David W and Lones, Michael A},
  journal={arXiv preprint arXiv:1805.11014},
  year={2018}
}
@article{csendes2008global,
  title={The GLOBAL optimization method revisited},
  author={Csendes, Tibor and P{\'a}l, L{\'a}szl{\'o} and Sendin, J Oscar H and Banga, Julio R},
  journal={Optimization Letters},
  volume={2},
  pages={445--454},
  year={2008},
  publisher={Springer}
}
@article{charilogis2023intelligent,
  title={An Intelligent Technique for Initial Distribution of Genetic Algorithms},
  author={Charilogis, Vasileios and Tsoulos, Ioannis G and Stavrou, VN},
  journal={Axioms},
  volume={12},
  number={10},
  pages={980},
  year={2023},
  publisher={MDPI}
}
@article{alsayyed2023giant,
  title={Giant Armadillo Optimization: A New Bio-Inspired Metaheuristic Algorithm for Solving Optimization Problems},
  author={Alsayyed, Omar and Hamadneh, Tareq and Al-Tarawneh, Hassan and Alqudah, Mohammad and Gochhait, Saikat and Leonova, Irina and Malik, Om Parkash and Dehghani, Mohammad},
  journal={Biomimetics},
  volume={8},
  number={8},
  pages={619},
  year={2023},
  publisher={MDPI}
}
@article{cullen2023biologging,
  title={Biologging as an important tool to uncover behaviors of cryptic species: an analysis of giant armadillos (Priodontes maximus)},
  author={Cullen, Joshua A and Attias, Nina and Desbiez, Arnaud LJ and Valle, Denis},
  journal={PeerJ},
  volume={11},
  pages={e14726},
  year={2023},
  publisher={PeerJ Inc.}
}

@article{owaid2024development,
  title={DEVELOPMENT OF A METHOD OF INCREASING THE EFFICIENCY OF DECISION-MAKING IN ORGANIZATIONAL AND TECHNICAL SYSTEMS.},
  author={Owaid, Salman Rasheed and Zhuravskyi, Yurii and Lytvynenko, Oleksandr and Veretnov, Andrii and Sokolovskyi, Dmytro and Plekhova, Ganna and Hrinkov, Volodymyr and Pluhina, Tetiana and Neronov, Serhii and Dovbenko, Oleksii},
  journal={Eastern-European Journal of Enterprise Technologies},
  year={2024}
}
@article{singh2012overview,
  title={An overview of the optimization modelling applications},
  author={Singh, Ajay},
  journal={Journal of Hydrology},
  volume={466},
  pages={167--182},
  year={2012},
  publisher={Elsevier}
}
@inproceedings{psomajor,
  title={Particle swarm optimization},
  author={Eberhart, Russell and Kennedy, James},
  booktitle={Proceedings of the IEEE international conference on neural networks},
  volume={4},
  pages={1942--1948},
  year={1995},
  organization={Citeseer}
}

@article{bartz2014evolutionary,
  title={Evolutionary algorithms},
  author={Bartz-Beielstein, Thomas and Branke, J{\"u}rgen and Mehnen, J{\"o}rn and Mersmann, Olaf},
  journal={Wiley Interdisciplinary Reviews: Data Mining and Knowledge Discovery},
  volume={4},
  number={3},
  pages={178--195},
  year={2014},
  publisher={Wiley Online Library}
}
@article{floudas2008review,
  title={A review of recent advances in global optimization},
  author={Floudas, CA and Gounaris, CE},
  year={2008}
}
@article{banga2008optimization,
  title={Optimization in computational systems biology},
  author={Banga, Julio R},
  journal={BMC systems biology},
  volume={2},
  pages={1--7},
  year={2008},
  publisher={Springer}
}
@article{bounds1987new,
  title={New optimization methods from physics and biology},
  author={Bounds, David G},
  journal={Nature},
  volume={329},
  number={6136},
  pages={215--219},
  year={1987},
  publisher={Nature Publishing Group UK London}
}
@article{pervaiz2021systematic,
  title={A systematic literature review on particle swarm optimization techniques for medical diseases detection},
  author={Pervaiz, Sobia and Ul-Qayyum, Zia and Bangyal, Waqas Haider and Gao, Liang and Ahmad, Jamil and others},
  journal={Computational and Mathematical Methods in Medicine},
  volume={2021},
  year={2021},
  publisher={Hindawi}
}
@book{pardalos2014handbook,
  title={Handbook of optimization in medicine},
  author={Pardalos, Panos M and Romeijn, H Edwin},
  volume={26},
  year={2014},
  publisher={Springer Science \& Business Media}
}
@book{lim2008optimization,
  title={Optimization in medicine and biology},
  author={Lim, Gino J and Lee, Eva K},
  year={2008},
  publisher={Auerbach Publications}
}

@book{intriligator2002mathematical,
  title={Mathematical optimization and economic theory},
  author={Intriligator, Michael D},
  year={2002},
  publisher={SIAM}
}
@book{dixit1990optimization,
  title={Optimization in economic theory},
  author={Dixit, Avinash K},
  year={1990},
  publisher={Oxford University Press, USA}
}
@book{luptacik2010mathematical,
  title={Mathematical optimization and economic analysis},
  author={Luptacik, Mikulas and others},
  volume={287},
  year={2010},
  publisher={Springer}
}

@article{juul2013challenges,
  title={Challenges when performing economic optimization of waste treatment: A review},
  author={Juul, Nina and M{\"u}nster, Marie and Ravn, Hans and S{\"o}derman, M Ljunggren},
  journal={Waste management},
  volume={33},
  number={9},
  pages={1918--1925},
  year={2013},
  publisher={Elsevier}
}
@book{hartmann2002optimization,
  title={Optimization algorithms in physics},
  author={Hartmann, Alexander K and Rieger, Heiko},
  year={2002},
  publisher={Citeseer}
}
@article{hartmann2004new,
  title={New optimization algorithms in physics},
  author={Hartmann, Alexander K and Rieger, Heiko},
  journal={},
  year={2004},
  publisher={Wiley Online Library}
}
@article{zdeborova2008statistical,
  title={Statistical physics of hard optimization problems},
  author={Zdeborov{\'a}, Lenka},
  journal={arXiv preprint arXiv:0806.4112},
  year={2008}
}
@article{hanuka2021physics,
  title={Physics model-informed Gaussian process for online optimization of particle accelerators},
  author={Hanuka, Adi and Huang, Xiaobiao and Shtalenkova, Jane and Kennedy, Dylan and Edelen, Auralee and Zhang, Z and Lalchand, VR and Ratner, D and Duris, J},
  journal={Physical Review Accelerators and Beams},
  volume={24},
  number={7},
  pages={072802},
  year={2021},
  publisher={APS}
}
@article{subbotin2006integrated,
  title={Integrated physics optimization of a quasi-isodynamic stellarator with poloidally closed contours of the magnetic field strength},
  author={Subbotin, AA and Mikhailov, MI and Shafranov, VD and Isaev, M Yu and N{\"u}hrenberg, C and N{\"u}hrenberg, J and Zille, R and Nemov, VV and Kasilov, SV and Kalyuzhnyj, VN and others},
  journal={Nuclear fusion},
  volume={46},
  number={11},
  pages={921},
  year={2006},
  publisher={IOP Publishing}
}
@inproceedings{yi2017multi,
  title={Multi-physics optimization for high-frequency air-core permanent-magnet motor of aircraft application},
  author={Yi, Xuan and Yoon, Andy and Haran, Kiruba S},
  booktitle={2017 IEEE International Electric Machines and Drives Conference (IEMDC)},
  pages={1--8},
  year={2017},
  organization={IEEE}
}

@article{zaferani2021thermoelectric,
  title={Thermoelectric coolers as thermal management systems for medical applications: Design, optimization, and advancement},
  author={Zaferani, Sadeq Hooshmand and Sams, Michael W and Ghomashchi, Reza and Chen, Zhi-Gang},
  journal={Nano energy},
  volume={90},
  pages={106572},
  year={2021},
  publisher={Elsevier}
}
@article{chen2016multi,
  title={Multi-objective simulation optimization for medical capacity allocation in emergency department},
  author={Chen, TL and Wang, CC},
  journal={Journal of Simulation},
  volume={10},
  number={1},
  pages={50--68},
  year={2016},
  publisher={Taylor \& Francis}
}
@article{chang2012attribute,
  title={An attribute weight assignment and particle swarm optimization algorithm for medical database classifications},
  author={Chang, Pei-Chann and Lin, Jyun-Jie and Liu, Chen-Hao},
  journal={Computer methods and programs in biomedicine},
  volume={107},
  number={3},
  pages={382--392},
  year={2012},
  publisher={Elsevier}
}
@article{ferreira2018multivariate,
  title={Multivariate optimization techniques in analytical chemistry-an overview},
  author={Ferreira, Sergio LC and Lemos, Valfredo A and de Carvalho, Vanessa S and da Silva, Erik GP and Queiroz, Antonio FS and Felix, Caio SA and da Silva, Daniel LF and Dourado, Gilson B and Oliveira, Rafael V},
  journal={Microchemical Journal},
  volume={140},
  pages={176--182},
  year={2018},
  publisher={Elsevier}
}
@article{deming1978review,
  title={A review of simplex optimization in analytical chemistry},
  author={Deming, Stanley N and Parker Jr, Lloyd R and Bonner Denton, M},
  journal={CRC Critical Reviews in Analytical Chemistry},
  volume={7},
  number={3},
  pages={187--202},
  year={1978},
  publisher={Taylor \& Francis}
}
@article{bezerra2019simultaneous,
  title={Simultaneous optimization of multiple responses and its application in Analytical Chemistry--A review},
  author={Bezerra, Marcos Almeida and Ferreira, S{\'e}rgio Luis Costa and Novaes, Cleber Galv{\~a}o and Dos Santos, Ana Maria Pinto and Valasques, Gisseli Souza and da Mata Cerqueira, Uillian Mozart Ferreira and dos Santos Alves, Juscelia Pereira},
  journal={Talanta},
  volume={194},
  pages={941--959},
  year={2019},
  publisher={Elsevier}
}
@article{taylor2023brief,
  title={A brief introduction to chemical reaction optimization},
  author={Taylor, Connor J and Pomberger, Alexander and Felton, Kobi C and Grainger, Rachel and Barecka, Magda and Chamberlain, Thomas W and Bourne, Richard A and Johnson, Christopher N and Lapkin, Alexei A},
  journal={Chemical Reviews},
  volume={123},
  number={6},
  pages={3089--3126},
  year={2023},
  publisher={ACS Publications}
}
@article{bechikh2014efficient,
  title={An efficient chemical reaction optimization algorithm for multiobjective optimization},
  author={Bechikh, Slim and Chaabani, Abir and Said, Lamjed Ben},
  journal={IEEE transactions on cybernetics},
  volume={45},
  number={10},
  pages={2051--2064},
  year={2014},
  publisher={IEEE}
}
@article{jamwal2019evolutionary,
  title={Evolutionary optimization using equitable fuzzy sorting genetic algorithm (EFSGA)},
  author={Jamwal, Prashant K and Abdikenov, Beibit and Hussain, Shahid},
  journal={IEEE Access},
  volume={7},
  pages={8111--8126},
  year={2019},
  publisher={IEEE}
}
@article{wang2020comparative,
  title={A comparative review between Genetic Algorithm use in composite optimisation and the state-of-the-art in evolutionary computation},
  author={Wang, ZhenZhou and Sobey, Adam},
  journal={Composite Structures},
  volume={233},
  pages={111739},
  year={2020},
  publisher={Elsevier}
}

@book{simon2013evolutionary,
  title={Evolutionary optimization algorithms},
  author={Simon, Dan},
  year={2013},
  publisher={John Wiley \& Sons}
}
@article{asselmeyer1997evolutionary,
  title={Evolutionary strategies of optimization},
  author={Asselmeyer, Torsten and Ebeling, Werner and Ros{\'e}, Helge},
  journal={Physical Review E},
  volume={56},
  number={1},
  pages={1171},
  year={1997},
  publisher={APS}
}
@book{arnold2002noisy,
  title={Noisy optimization with evolution strategies},
  author={Arnold, Dirk V},
  volume={8},
  year={2002},
  publisher={Springer Science \& Business Media}
}
@article{yao1999evolutionary,
  title={Evolutionary programming made faster},
  author={Yao, Xin and Liu, Yong and Lin, Guangming},
  journal={IEEE Transactions on Evolutionary computation},
  volume={3},
  number={2},
  pages={82--102},
  year={1999},
  publisher={IEEE}
}
@inproceedings{stephenson2003genetic,
  title={Genetic programming applied to compiler heuristic optimization},
  author={Stephenson, Mark and O’Reilly, Una-May and Martin, Martin C and Amarasinghe, Saman},
  booktitle={European conference on genetic programming},
  pages={238--253},
  year={2003},
  organization={Springer}
}
@book{horst2000introduction,
  title={Introduction to global optimization},
  author={Horst, Reiner and Pardalos, Panos M and Van Thoai, Nguyen},
  year={2000},
  publisher={Springer Science \& Business Media}
}
@article{weise2009global,
  title={Global optimization algorithms-theory and application},
  author={Weise, Thomas},
  journal={Self-Published Thomas Weise},
  volume={361},
  pages={153},
  year={2009}
}
@inproceedings{ovelade2021ebola,
  title={Ebola Optimization Search Algorithm: A new nature-inspired metaheuristic algorithm for global optimization problems},
  author={Ovelade, Olaide N and Ezugwu, Absalom E},
  booktitle={2021 International Conference on Electrical, Computer and Energy Technologies (ICECET)},
  pages={1--10},
  year={2021},
  organization={IEEE}
}
@book{griva2008linear,
  title={Linear and Nonlinear Optimization 2nd Edition},
  author={Griva, Igor and Nash, Stephen G and Sofer, Ariela},
  year={2008},
  publisher={SIAM}
}
@book{luenberger1984linear,
  title={Linear and nonlinear programming},
  author={Luenberger, David G and Ye, Yinyu and others},
  volume={2},
  year={1984},
  publisher={Springer}
}
@article{hamad2002energy,
  title={Energy optimization of pressure-swing azeotropic distillation systems},
  author={Hamad, Ahmad and Dunn, Russell F},
  journal={Industrial \& engineering chemistry research},
  volume={41},
  number={24},
  pages={6082--6093},
  year={2002},
  publisher={ACS Publications}
}
@article{mckinnon1998generic,
  title={A generic global optimization algorithm for the chemical and phase equilibrium problem},
  author={McKinnon, Ken and Mongeau, Marcel},
  journal={Journal of Global Optimization},
  volume={12},
  pages={325--351},
  year={1998},
  publisher={Springer}
}
@article{liberti2005comparison,
  title={Comparison of deterministic and stochastic approaches to global optimization},
  author={Liberti, Leo and Kucherenko, Sergei},
  journal={International Transactions in Operational Research},
  volume={12},
  number={3},
  pages={263--285},
  year={2005},
  publisher={Wiley Online Library}
}
@incollection{deb2016multi,
  title={Multi-objective optimization},
  author={Deb, Kalyanmoy and Sindhya, Karthik and Hakanen, Jussi},
  booktitle={Decision sciences},
  pages={161--200},
  year={2016},
  publisher={CRC Press}
}
@article{rothlauf2011optimization,
  title={Optimization problems},
  author={Rothlauf, Franz and Rothlauf, Franz},
  journal={Design of Modern Heuristics: Principles and Application},
  pages={7--44},
  year={2011},
  publisher={Springer}
}
@article{tsoulos2010enhancing,
  title={Enhancing PSO methods for global optimization},
  author={Tsoulos, Ioannis G and Stavrakoudis, Athanassios},
  journal={Applied Mathematics and Computation},
  volume={216},
  number={10},
  pages={2988--3001},
  year={2010},
  publisher={Elsevier}
}
@article{tsoulos2016pdoublepop,
  title={PDoublePop: An implementation of parallel genetic algorithm for function optimization},
  author={Tsoulos, Ioannis G and Tzallas, Alexandros and Tsalikakis, Dimitris},
  journal={Computer Physics Communications},
  volume={209},
  pages={183--189},
  year={2016},
  publisher={Elsevier}
}

@article{filip2020advanced,
  title={Advanced computational methods for agriculture machinery movement optimization with applications in sugarcane production},
  author={Filip, Martin and Zoubek, Tomas and Bumbalek, Roman and Cerny, Pavel and Batista, Carlos E and Olsan, Pavel and Bartos, Petr and Kriz, Pavel and Xiao, Maohua and Dolan, Antonin and others},
  journal={Agriculture},
  volume={10},
  number={10},
  pages={434},
  year={2020},
  publisher={MDPI}
}
@article{jain2021multi,
  title={A multi-objective algorithm for crop pattern optimization in agriculture},
  author={Jain, Sonal and Ramesh, Dharavath and Bhattacharya, Diptendu},
  journal={Applied Soft Computing},
  volume={112},
  pages={107772},
  year={2021},
  publisher={Elsevier}
}
@article{zhang2016integrated,
  title={Integrated agriculture water management optimization model for water saving potential analysis},
  author={Zhang, Dongmei and Guo, Ping},
  journal={Agricultural Water Management},
  volume={170},
  pages={5--19},
  year={2016},
  publisher={Elsevier}
}
@article{beites2015chassis,
  title={Chassis optimization as a cornerstone for the application of synthetic biology based strategies in microbial secondary metabolism},
  author={Beites, Tiago and Mendes, Marta V},
  journal={Frontiers in microbiology},
  volume={6},
  pages={159095},
  year={2015},
  publisher={Frontiers}
}
@article{lagaris2008stopping,
  title={Stopping rules for box-constrained stochastic global optimization},
  author={Lagaris, Isaac E and Tsoulos, Ioannis G},
  journal={Applied Mathematics and Computation},
  volume={197},
  number={2},
  pages={622--632},
  year={2008},
  publisher={Elsevier}
}
@article{tsoulos2006minfinder,
  title={MinFinder: Locating all the local minima of a function},
  author={Tsoulos, Ioannis G and Lagaris, Isaac E},
  journal={Computer Physics Communications},
  volume={174},
  number={2},
  pages={166--179},
  year={2006},
  publisher={Elsevier}
}
@article{geneticReview,
  title={A study on genetic algorithm and its applications},
  author={Haldurai, Lingaraj and Madhubala, T and Rajalakshmi, R},
  journal={International Journal of computer sciences and Engineering},
  volume={4},
  number={10},
  pages={139},
  year={2016}
}
@article{psoReview,
  title={Particle swarm optimization algorithm: an overview},
  author={Wang, Dongshu and Tan, Dapei and Liu, Lei},
  journal={Soft computing},
  volume={22},
  pages={387--408},
  year={2018},
  publisher={Springer}
}
@article{aco1,
  title={Ant colony optimization: Introduction and recent trends},
  author={Blum, Christian},
  journal={Physics of Life reviews},
  volume={2},
  number={4},
  pages={353--373},
  year={2005},
  publisher={Elsevier}
}
@article{aco2,
  title={Ant colony optimization theory: A survey},
  author={Dorigo, Marco and Blum, Christian},
  journal={Theoretical computer science},
  volume={344},
  number={2-3},
  pages={243--278},
  year={2005},
  publisher={Elsevier}
}

@article{interval1,
  title={A new multisection technique in interval methods for global optimization},
  author={Casado, Leocadio G and Garc{\'\i}a, Inmaculada and Csendes, Tibor},
  journal={Computing},
  volume={65},
  pages={263--269},
  year={2000},
  publisher={Springer}
}

@article{interval2,
  title={Interval algorithm for global numerical optimization},
  author={Zhang, Xiaowei and Liu, Sanyang},
  journal={Engineering Optimization},
  volume={40},
  number={9},
  pages={849--868},
  year={2008},
  publisher={Taylor \& Francis}
}
@article{crs1,
  title={Global optimization by controlled random search},
  author={Price, WL1551847},
  journal={Journal of optimization theory and applications},
  volume={40},
  pages={333--348},
  year={1983},
  publisher={Springer}
}
@article{crs2,
  title={The controlled random search algorithm in optimizing regression models},
  author={K{\v{r}}iv{\`y}, Ivan and Tvrd{\'\i}k, Josef},
  journal={Computational statistics \& data analysis},
  volume={20},
  number={2},
  pages={229--234},
  year={1995},
  publisher={Elsevier}
}
@article{crs3,
  title={A numerical comparison of some modified controlled random search algorithms},
  author={Ali, M Montaz and T{\"o}rn, Aimo and Viitanen, Sami},
  journal={Journal of Global Optimization},
  volume={11},
  pages={377--385},
  year={1997},
  publisher={Springer}
}



@article{siman1,
  title={Simulated annealing},
  author={Aarts, Emile and Korst, Jan and Michiels, Wil},
  journal={Search methodologies: introductory tutorials in optimization and decision support techniques},
  pages={187--210},
  year={2005},
  publisher={Springer}
}

@article{Jones,
  title={On the determination of molecular fields.—II. From the equation of state of a gas},
  author={Jones, John Edward},
  journal={Proceedings of the Royal Society of London. Series A, Containing Papers of a Mathematical and Physical Character},
  volume={106},
  number={738},
  pages={463--477},
  year={1924},
  publisher={The Royal Society London}
}

@article{siman2,
  title={Simulated annealing},
  author={Nikolaev, Alexander G and Jacobson, Sheldon H},
  journal={Handbook of metaheuristics},
  pages={1--39},
  year={2010},
  publisher={Springer}
}

@article{clustering1,
  title={Stochastic global optimization methods part II: Multi level methods},
  author={Rinnooy Kan, AHG and Timmer, GT},
  journal={Mathematical Programming},
  volume={39},
  pages={57--78},
  year={1987},
  publisher={Springer}
}

@article{clustering2,
  title={Topographical multilevel single linkage},
  author={Ali, M Masoom and Storey, Colin},
  journal={Journal of Global Optimization},
  volume={5},
  pages={349--358},
  year={1994},
  publisher={Springer}
}

@article{clustering3,
  title={MinFinder: Locating all the local minima of a function},
  author={Tsoulos, Ioannis G and Lagaris, Isaac E},
  journal={Computer Physics Communications},
  volume={174},
  number={2},
  pages={166--179},
  year={2006},
  publisher={Elsevier}
}

@inproceedings{msgpu1,
  title={An efficient GPU implementation of a multi-start TSP solver for large problem instances},
  author={Rocki, Kamil and Suda, Reiji},
  booktitle={Proceedings of the 14th annual conference companion on Genetic and evolutionary computation},
  pages={1441--1442},
  year={2012}
}
@inproceedings{msgpu2,
  title={GPU-based multi-start local search algorithms},
  author={Van Luong, Th{\'e} and Melab, Nouredine and Talbi, El-Ghazali},
  booktitle={Learning and Intelligent Optimization: 5th International Conference, LION 5, Rome, Italy, January 17-21, 2011. Selected Papers 5},
  pages={321--335},
  year={2011},
  organization={Springer}
}

@article{openmpi,
  title={A high-performance, portable implementation of the MPI message passing interface standard},
  author={Gropp, William and Lusk, Ewing and Doss, Nathan and Skjellum, Anthony},
  journal={Parallel computing},
  volume={22},
  number={6},
  pages={789--828},
  year={1996},
  publisher={Elsevier}
}
@book{openmp,
  title={Parallel programming in OpenMP},
  author={Chandra, Rohit},
  year={2001},
  publisher={Morgan kaufmann}
}

@article{island1,
  title={Parallel genetic algorithms on the graphics processing units using island model and simulated annealing},
  author={Li, Cheng-Chieh and Lin, Chu-Hsing and Liu, Jung-Chun},
  journal={Advances in Mechanical Engineering},
  volume={9},
  number={7},
  pages={1687814017707413},
  year={2017},
  publisher={SAGE Publications Sage UK: London, England}
}

@inproceedings{island2,
  title={Parallel island model genetic algorithms applied in NP-hard problems},
  author={da Silveira, Lucas A and Soncco-{\'A}lvarez, Jos{\'e} L and de Lima, Thaynara A and Ayala-Rinc{\'o}n, Mauricio},
  booktitle={2019 IEEE Congress on Evolutionary Computation (CEC)},
  pages={3262--3269},
  year={2019},
  organization={IEEE}
}

@incollection{deprice,
  title={Differential evolution},
  author={Price, Kenneth V},
  booktitle={Handbook of optimization: From classical to modern approach},
  pages={187--214},
  year={2013},
  publisher={Springer}
}

@article{deReview,
  title={Differential Evolution: A review of more than two decades of research},
  author={Pant, Millie and Zaheer, Hira and Garcia-Hernandez, Laura and Abraham, Ajith and others},
  journal={Engineering Applications of Artificial Intelligence},
  volume={90},
  pages={103479},
  year={2020},
  publisher={Elsevier}
}
@article{gaviano,
  title={Algorithm 829: Software for generation of classes of test functions with known local and global minima for global optimization},
  author={Gaviano, Marco and Kvasov, Dmitri E and Lera, Daniela and Sergeyev, Yaroslav D},
  journal={ACM Transactions on Mathematical Software (TOMS)},
  volume={29},
  number={4},
  pages={469--480},
  year={2003},
  publisher={ACM New York, NY, USA}
}
@article{nn2,
  title={Overview of artificial neural networks},
  author={Zou, Jinming and Han, Yi and So, Sung-Sau},
  journal={Artificial neural networks: methods and applications},
  pages={14--22},
  year={2009},
  publisher={Springer}
}
@article{nn1,
  title={Artificial neural networks: fundamentals, computing, design, and application},
  author={Basheer, Imad A and Hajmeer, Maha},
  journal={Journal of microbiological methods},
  volume={43},
  number={1},
  pages={3--31},
  year={2000},
  publisher={Elsevier}
}

@article{desbiez2021methods,
  title={Methods for the characterization of activity patterns in elusive species: the giant armadillo in the Brazilian Pantanal},
  author={Desbiez, ALJ and Kluyber, D and Massocato, GF and Attias, N},
  journal={Journal of Zoology},
  volume={315},
  number={4},
  pages={301--312},
  year={2021},
  publisher={Wiley Online Library}
}

@article{magioli2023few,
  title={What a few hairs can tell us about the resource use of giant armadillos},
  author={Magioli, Marcelo and Attias, Nina and Massocato, Gabriel and Kluyber, Danilo and Moreira, Marcelo Zacharias and Ferraz, Katia Maria Paschoaletto Micchi de Barros and Chiarello, Adriano Garcia and Desbiez, Arnaud LJ},
  journal={Integrative Zoology},
  volume={18},
  number={1},
  pages={129--142},
  year={2023},
  publisher={Wiley Online Library}
}

@article{magioli2023few,
  title={What a few hairs can tell us about the resource use of giant armadillos},
  author={Magioli, Marcelo and Attias, Nina and Massocato, Gabriel and Kluyber, Danilo and Moreira, Marcelo Zacharias and Ferraz, Katia Maria Paschoaletto Micchi de Barros and Chiarello, Adriano Garcia and Desbiez, Arnaud LJ},
  journal={Integrative Zoology},
  volume={18},
  number={1},
  pages={129--142},
  year={2023},
  publisher={Wiley Online Library}
}
@article{cullen2023biologging,
  title={Biologging as an important tool to uncover behaviors of cryptic species: an analysis of giant armadillos (Priodontes maximus)},
  author={Cullen, Joshua A and Attias, Nina and Desbiez, Arnaud LJ and Valle, Denis},
  journal={PeerJ},
  volume={11},
  pages={e14726},
  year={2023},
  publisher={PeerJ Inc.}
}


@article{desbiez2020comparing,
  title={Comparing density estimates from a short-term camera trap survey with a long-term telemetry study of giant armadillos (Priodontes maximus)},
  author={Desbiez, Arnaud LJ and Massocato, Gabriel F and Attias, Nina and Cove, Michael V},
  journal={Mastozoolog{\'\i}a neotropical},
  volume={27},
  number={2},
  pages={241--246},
  year={2020},
  publisher={SciELO Argentina}
}

@article{teixeira2024dietary,
  title={Dietary habits of the giant armadillo (Priodontes maximus) in the Brazilian wetlands},
  author={Teixeira Nascimento, Nat{\'a}lia and Attias, Nina and Galv{\~a}o Santana, Tainara and Rocha, Mauricio and Tibcherani, Mari{\'a}h and Massocato, Gabriel and Kluyber, Danilo and Desbiez, Arnaud L{\'e}onard Jean},
  journal={Mammal Research},
  pages={1--12},
  year={2024},
  publisher={Springer}
}
@article{galliari2019xenarthran,
  title={Xenarthran synsacrum morphology and evolution},
  author={Galliari, Fernando Carlos and Carlini, Alfredo Armando},
  journal={Journal of Mammalian Evolution},
  volume={26},
  number={4},
  pages={493--504},
  year={2019},
  publisher={Springer}
}
@article{fernandes2023ex,
  title={Ex situ approaches for the conservation of genetic resources in the superorder Xenarthra},
  author={Fernandes, Denilsa Pires and Praxedes, {\'E}rika Almeida and Freitas, Carlos Iber{\^e} Alves and Pereira, Alexsandra Fernandes},
  journal={Biopreservation and Biobanking},
  volume={21},
  number={3},
  pages={225--232},
  year={2023},
  publisher={Mary Ann Liebert, Inc., publishers 140 Huguenot Street, 3rd Floor New~…}
}

@article{gaudin2015paleogene,
  title={Paleogene Xenarthra and the evolution of South American mammals},
  author={Gaudin, Timothy J and Croft, Darin A},
  journal={Journal of Mammalogy},
  volume={96},
  number={4},
  pages={622--634},
  year={2015},
  publisher={Oxford University Press US}
}

@article{gwo_paper,
title = {Grey Wolf Optimizer},
journal = {Advances in Engineering Software},
volume = {69},
pages = {46-61},
year = {2014},
issn = {0965-9978},
doi = {https://doi.org/10.1016/j.advengsoft.2013.12.007},
url = {https://www.sciencedirect.com/science/article/pii/S0965997813001853},
author = {Seyedali Mirjalili and Seyed Mohammad Mirjalili and Andrew Lewis},
keywords = {Optimization, Optimization techniques, Heuristic algorithm, Metaheuristics, Constrained optimization, GWO},
abstract = {This work proposes a new meta-heuristic called Grey Wolf Optimizer (GWO) inspired by grey wolves (Canis lupus). The GWO algorithm mimics the leadership hierarchy and hunting mechanism of grey wolves in nature. Four types of grey wolves such as alpha, beta, delta, and omega are employed for simulating the leadership hierarchy. In addition, the three main steps of hunting, searching for prey, encircling prey, and attacking prey, are implemented. The algorithm is then benchmarked on 29 well-known test functions, and the results are verified by a comparative study with Particle Swarm Optimization (PSO), Gravitational Search Algorithm (GSA), Differential Evolution (DE), Evolutionary Programming (EP), and Evolution Strategy (ES). The results show that the GWO algorithm is able to provide very competitive results compared to these well-known meta-heuristics. The paper also considers solving three classical engineering design problems (tension/compression spring, welded beam, and pressure vessel designs) and presents a real application of the proposed method in the field of optical engineering. The results of the classical engineering design problems and real application prove that the proposed algorithm is applicable to challenging problems with unknown search spaces.}
}

@book{ann1,
  title={Neural networks for pattern recognition},
  author={Bishop, Christopher M},
  year={1995},
  publisher={Oxford university press}
}

@article{ann2,
  title={Approximation by superpositions of a sigmoidal function},
  author={Cybenko, George},
  journal={Mathematics of control, signals and systems},
  volume={2},
  number={4},
  pages={303--314},
  year={1989},
  publisher={Springer}
}
@article{ann_agri,
  title={Predicting moisture content of agricultural products using artificial neural networks},
  author={Topuz, Adnan},
  journal={Advances in Engineering Software},
  volume={41},
  number={3},
  pages={464--470},
  year={2010},
  publisher={Elsevier}
}
@article{ann_facial,
  title={Facial expression recognition based on a mlp neural network using constructive training algorithm},
  author={Boughrara, Hayet and Chtourou, Mohamed and Ben Amar, Chokri and Chen, Liming},
  journal={Multimedia Tools and Applications},
  volume={75},
  pages={709--731},
  year={2016},
  publisher={Springer}
}
@article{ann_physics,
  title={Solving the quantum many-body problem with artificial neural networks},
  author={Carleo, Giuseppe and Troyer, Matthias},
  journal={Science},
  volume={355},
  number={6325},
  pages={602--606},
  year={2017},
  publisher={American Association for the Advancement of Science}
}
@book{bk_problem,
  title={Smoothing methods in statistics},
  author={Simonoff, Jeffrey S},
  year={2012},
  publisher={Springer Science \& Business Media}
}

@article{swarm_overview1,
  title={Overview on binary optimization using swarm-inspired algorithms},
  author={Macedo, Mariana and Siqueira, Hugo and Figueiredo, Elliackin and Santana, Clodomir and Lira, Rodrigo C and Gokhale, Anu and Bastos-Filho, Carmelo},
  journal={IEEE Access},
  volume={9},
  pages={149814--149858},
  year={2021},
  publisher={IEEE}
}

@article{swarm_overview2,
  title={Various swarm optimization algorithms: Review, challenges, and opportunities},
  author={Dhawan, Sachin and Gupta, Rashmi and Rana, Arun and Sharma, Sharad},
  journal={Soft Computing for Intelligent Systems: Proceedings of ICSCIS 2020},
  pages={291--301},
  year={2021},
  publisher={Springer}
}
@incollection{swarm_book,
  title={Swarm intelligence},
  author={Kennedy, James},
  booktitle={Handbook of nature-inspired and innovative computing: integrating classical models with emerging technologies},
  pages={187--219},
  year={2006},
  publisher={Springer}
}

@article{meta1,
  title={Metaheuristic algorithms: A comprehensive review},
  author={Abdel-Basset, Mohamed and Abdel-Fatah, Laila and Sangaiah, Arun Kumar},
  journal={Computational intelligence for multimedia big data on the cloud with engineering applications},
  pages={185--231},
  year={2018},
  publisher={Elsevier}
}

@article{meta2,
  title={Metaheuristics: a comprehensive overview and classification along with bibliometric analysis},
  author={Ezugwu, Absalom E and Shukla, Amit K and Nath, Rahul and Akinyelu, Andronicus A and Agushaka, Jeffery O and Chiroma, Haruna and Muhuri, Pranab K},
  journal={Artificial Intelligence Review},
  volume={54},
  pages={4237--4316},
  year={2021},
  publisher={Springer}
}

@article{meta3,
  title={A Possible Classification for Metaheuristic Optimization Algorithms in Engineering and Science},
  author={Montoya, Oscar Danilo and Molina-Cabrera, Alexander and Gil-Gonz{\'a}lez, Walter},
  journal={Ingenier{\'\i}a},
  volume={27},
  number={3},
  year={2022},
  publisher={Universidad Distrital Francisco Jos{\'e} de Caldas}
}

@article{metadivide,
  title={Mayfly in harmony: A new hybrid meta-heuristic feature selection algorithm},
  author={Bhattacharyya, Trinav and Chatterjee, Bitanu and Singh, Pawan Kumar and Yoon, Jin Hee and Geem, Zong Woo and Sarkar, Ram},
  journal={IEEE Access},
  volume={8},
  pages={195929--195945},
  year={2020},
  publisher={IEEE}
}