@article{tsoulos2016pdoublepop,
  title={PDoublePop: An implementation of parallel genetic algorithm for function optimization},
  author={Tsoulos, Ioannis G and Tzallas, Alexandros and Tsalikakis, Dimitris},
  journal={Computer Physics Communications},
  volume={209},
  pages={183--189},
  year={2016},
  publisher={Elsevier}
}

@article{pant2020differential_2020,
  title={Differential Evolution: A review of more than two decades of research},
  author={Pant, Millie and Zaheer, Hira and Garcia-Hernandez, Laura and Abraham, Ajith and others},
  journal={Engineering Applications of Artificial Intelligence},
  volume={90},
  pages={103479},
  year={2020},
  publisher={Elsevier}
}

@article{charilogis2023parallel_2023,
  title={A parallel implementation of the differential evolution method},
  author={Charilogis, Vasileios and Tsoulos, Ioannis G},
  journal={Analytics},
  volume={2},
  number={1},
  pages={17--30},
  year={2023},
  publisher={MDPI}
}

@article{tsoulos2008modifications,
  title={Modifications of real code genetic algorithm for global optimization},
  author={Tsoulos, Ioannis G},
  journal={Applied Mathematics and Computation},
  volume={203},
  number={2},
  pages={598--607},
  year={2008},
  publisher={Elsevier}
}

@article{charilogis2022toward,
  title={Toward an ideal particle swarm optimizer for multidimensional functions},
  author={Charilogis, Vasileios and Tsoulos, Ioannis G},
  journal={Information},
  volume={13},
  number={5},
  pages={217},
  year={2022},
  publisher={MDPI}
}

@article{tsoulos2023neuralminimizer,
  title={NeuralMinimizer: A Novel Method for Global Optimization},
  author={Tsoulos, Ioannis G and Tzallas, Alexandros and Karvounis, Evangelos and Tsalikakis, Dimitrios},
  journal={Information},
  volume={14},
  number={2},
  pages={66},
  year={2023},
  publisher={MDPI}
}

@article{charilogis2023improved,
  title={An improved parallel particle swarm optimization},
  author={Charilogis, Vasileios and Tsoulos, Ioannis G and Tzallas, Alexandros},
  journal={SN Computer Science},
  volume={4},
  number={6},
  pages={766},
  year={2023},
  publisher={Springer}
}

@article{kyrou2024eofa,
  title={EOFA: An Extended Version of the Optimal Foraging Algorithm for Global Optimization Problems},
  author={Kyrou, Glykeria and Charilogis, Vasileios and Tsoulos, Ioannis G},
  journal={Computation},
  volume={12},
  number={8},
  pages={158},
  year={2024},
  publisher={MDPI}
}

@article{kyrou2024improving,
  title={Improving the Giant-Armadillo Optimization Method},
  author={Kyrou, Glykeria and Charilogis, Vasileios and Tsoulos, Ioannis G},
  journal={Analytics},
  volume={3},
  number={2},
  pages={225--240},
  year={2024},
  publisher={MDPI}
}

@article{tsoulos2008genmin,
  title={GenMin: An enhanced genetic algorithm for global optimization},
  author={Tsoulos, Ioannis G and Lagaris, Isaac E},
  journal={Computer Physics Communications},
  volume={178},
  number={11},
  pages={843--851},
  year={2008},\
  publisher={Elsevier}
}
